
@Article{LionsTemamWang-Ocean:92,
  author = 	 {J.-L. Lions and R. Temam and S. Wang},
  title = 	 {On the equations of large scale ocean},
  journal = 	 {Nonlinearity},
  year = 	 1992,
  volume = 	 5,
  pages = 	 {1007-1053}}

@Article{LionsTemamWang-Athmos:92,
  author = 	 {J.-L. Lions and R. Temam and S. Wang},
  title = 	 {New formulations of the primitive equations of the
                  atmosphere and applications},
  journal = 	 {Nonlinearity},
  year = 	 1992,
  volume = 	 5,
  pages = 	 {237-288}}

@Article{Guillen-Masmoudi-RBellido:03,
  author = 	 {F. {Guill\'en-Gonz\'alez} and N. Masmoudi and M.A. {Rodr\'{\i}guez-Bellido}},
  title = 	 {Anisotropic estimates and strong solutions of the Primitive Equations},
  journal = 	 {Differential and Integral Equations},
  year = 	 2001,
  volume = 	 14,
  number = 	 11,
  pages = 	 {1381--1408}}

@Article{Guillen-RodriguezBellido-RojasMedar:04,
  author = 	 {F. {Guill\'en-Gonz\'alez} and M.A. {Rodr\'{\i}guez-Bellido} and M.A. {Rojas-Medar}},
  title = 	 {Hydrostatic Stokes Equations With Non-Smooth Neumann Data},
  journal = 	 {Annales de L'institut Henri Poincare (C) Non Linear Analysis},
  year = 	 2004,
  volume = 	 21,
  number = 	 6,
  pages = 	 {807-826}}

@Article{Stenberg:84,
  author =       {R. Stenberg},
  title =        {Analysis of Mixed Finite Element Methods for the
                 {Stokes} Problem: {A} Unified Approach},
  journal =      {Math Comput},
  volume =       42,
  number =       165,
  pages =        {9--23},
  month =        jan,
  year =         1984,
  ISSN =         {0025-5718}
}

@Article{Stenberg:90,
  author = 	 {R. Stenberg},
  title = 	 {A technique for analysing finite elements methods for viscuous incompressible flow},
  journal = 	 {International Journal for Numerical Methods in Fluids},
  year = 	 1990,
  volume = 	 11,
  pages = 	 {835--948}}

@PhdThesis{Redondo:08,
  author = 	 {M. Victoria {Redondo Neble}},
  title = 	 {An\'alisis Num\'erico de esquemas fraccionados en
                  tiempo para {N}avier-{S}tokes 3D y Ecuaciones
                  Primitivas},
  school = 	 {Universidad de Sevilla},
  year = 	 2008}

@Unpublished{Guillen-Redondo:ViscSplittingPE:2013,
  author = 	 {F. {Guill\'en-Gonz\'alez} and M.V. {Redondo-Neble}},
  title = 	 {Convergence and error estimates of a viscosity-splitting
finite-element scheme for the Primitive Equations},
  year = 	 {2013},
  note = {Submitted}
}

@article {Azerad:1994,
    AUTHOR = {Az{\'e}rad, P.},
     TITLE = {Analyse et approximation du probl\`eme de {S}tokes dans un
              bassin peu profond},
   JOURNAL = {C. R. Acad. Sci. Paris S\'er. I Math.},
  FJOURNAL = {Comptes Rendus de l'Acad\'emie des Sciences. S\'erie I.
              Math\'ematique},
    VOLUME = {318},
      YEAR = {1994},
    NUMBER = {1},
     PAGES = {53--58},
      ISSN = {0764-4442},
     CODEN = {CASMEI},
   MRCLASS = {35Q30 (65N30 76D07 76M10)},
  MRNUMBER = {1260535 (94k:35239)},
}

@PhdThesis{Azerad:PhD:96,
  author = 	 {P. Az{\'e}rad},
  title = 	 {Analyse des équations de {N}avier-{S}tokes en bassin peu profond et de l'équation de transport},
  school = 	 {Neuchâtel},
  year = 	 1996}

@Article{Cao-Titi:2007,
  author = {C. Cao and E.S. Titi},
  title = {Global Well--posedness of the Three-dimensional Viscous Primitive   Equations of Large Scale Ocean and Atmosphere Dynamics},
  journal = 	 {Annals of Mathematics},
  year = {2007},
  volume = 	 166,
  pages = 	 {245--267}
}

@MISC{Chacon-Gomez-Sanchez:2010,
  author = {T. {Chac\'on-Rebollo}, M. {G\'omez-M\'armol}, I. {S\'anchez-Mu\~noz}},
  title = {Numerical Solution of the Primitive Equations of the Ocean by Stabilized Finite Element Methods},
  year = {2010},
Howpublished = {University Lecture},
Institution={Universit\'e de Rennes}
}

@Article{Codina:2000,
  author={R. Codina},
  title={Stabilization of incompressibility and convection through orthogonal sub-scales in finite element methods},
  journal = {Comput. Methods Appl. Mech. Engrg.},
year={2000},
volume={190},
pages={1579-1599}}

@MISC{Cao-Titi:2010,
  author = {C. Cao and E.S. Titi},
  title = {Global Well-posedness of the 3D Primitive Equations With Partial Vertical Turbulence Mixing Heat Diffusion},
  url = {http://www.citebase.org/abstract?id=oai:arXiv.org:1010.5286},
  year = {2010}}

@Article{Besson-Laydi:92,
  author = 	 {O. Besson and M.R. Laydi},
  title = 	 {Some estimates for the anisotropic {N}avier-{S}tokes equations and for the hydrostatic approximation},
  journal = 	 {Math. Mod. and Num. Anal},
  year = 	 1992,
  volume = 	 {Vol. 26},
  number = 	 7,
  pages = 	 {855--865}}

@Article{Chacon-Guillen:00,
  author = 	 {T. {Chac\'on-Rebollo} and F. {Guill\'en-Gonz\'alez}},
  title = 	 {An intrinsic analysis of the hydrostatic approximation of {N}avier-{S}tokes equations},
  journal = 	 {C. R. Acad. Sci. Paris},
  year = 	 2000,
  volume = 	 {Série I},
  number = 	 330,
  pages = 	 {841--846}}

@InProceedings{Azerad:00,
  author =       {P. Az{\'e}rad},
  title={Mathematical Analysis and Finite Element Strategy for 3D Numerical Simulation of {N}avier-{S}tokes Equations in Thin Domains},
booktitle={Proceedings of ECCOMAS},
year={2000}
}

@Article{Azerad-Guillen:01,
  author =       "P. Az{\'e}rad and F. Guill{\'e}n",
  title =        "Mathematical Justification of the Hydrostatic
                 Approximation in the Primitive Equations of Geophysical
                 Fluid Dynamics",
  journal =      "Siam J. Math. Ana.",
  volume =       33,
  number =       4,
  pages =        "847--859",
  year =         "2001",
}

@article{Ortegon:Distributions:04,
title = "On distributions independent of xN in certain non-cylindrical domains and a de Rham lemma with a non-local constraint",
journal = "Nonlinear Analysis: Theory, Methods \& Applications",
volume = "59",
number = "3",
pages = "335 - 345",
year = "2004",
note = "",
issn = "0362-546X",
doi = "10.1016/j.na.2004.07.016",
url = "http://www.sciencedirect.com/science/article/pii/S0362546X04002627",
author = "F. {Orteg\'on-Gallego}",
keywords = "Distributions",
keywords = "Non-local constraint",
keywords = "Hydrostatic approximation",
keywords = "de Rham's lemma",
keywords = "Sobolev spaces"
}


@Article{Ziane:95,
  author = 	 {M. Ziane},
  title = 	 {Regularity Results for Stokes Type Systems. },
  journal = 	 {Applicable Analysis},
  year = 	 1995,
  volume = 	 58,
  pages = 	 {263-292}}

@Book{Ciarlet:78,
  author = 	 {P.G. Ciarlet},
  title = 	 {The Finite Element Method for Elliptic Problems},
  publisher = 	 {North-Holland},
  year = 	 1978,
  address      = {Amsterdam}}

@article{Rebollo:2004:SSD:1028263.1028264,
 author = {T. {Chac\'on-Rebollo} and D. {Rodr\'\iguez-G\'omez}},
 title = {A stabilized space-time discretization for the primitive equations in oceanography},
 journal = {Numer. Math.},
 volume = {98},
 number = {3},
 month = sep,
 year = {2004},
 issn = {0029-599X},
 pages = {427--475},
 numpages = {49},
 publisher = {Springer-Verlag New York, Inc.}
}

@Unpublished{Chacon-RodriguezGomez:02,
  author = 	 {T. {Chac\'on-Rebollo} and D. {Rodr\'{\i}guez-G\'omez}},
  title = 	 {Prismatic Finite Element Solution of the Primitive Equations of the Ocean},
  note = {\mbox{}},
  Howpublished = {University Course},
  Institution={INRIA}}

@ARTICLE{Guermond-Minev-Shen:06,
    author = {{J.L.} Guermond and P. Minev and J. Shen},
    title = {An overview of projection methods for incompressible flows},
    journal = {Comput. Methods Appl. Mech. Engrg.},
    year = {2006},
    volume = {195},
    pages = {6011–6045}
}

@Article{Christon-Carroll:98,
  title =	{An Unstructured-Grid, Parallel, Projection Solver for
		 Computing Low-Speed Flows},
  author =	{Mark A. Christon and Daniel E. Carroll},
  year = 	{1998},
  abstract =	{This paper presents an overview of the issues
		 associated with applying a domain-decomposition
		 message-passing paradigm to the parallel implementation
		 of both explicit and semi-implicit projection
		 algorithms. The use of an element-based domain
		 decomposition with an efficient solution strategy for
		 the pressure field is shown to yield a scalable,
		 parallel solution method capable of treating complex
		 flow problems where high-resolution grids are required.
		 In addition, the use of an SSOR or Jacobi
		 preconditioned conjugate gradient solver with an
		 A-conjugate projection reduces the computational time
		 for the solution of the pressure field, and yields
		 parallel efficiencies above 80% for computations with
		 O(250) elements per processor. The parallel projection
		 solver is verified using a series of 2-D and 3-D
		 benchmarks designed to evaluate time-accurate flow
		 solution methods. Finally, the extension of the
		 projection algorithm to reacting flows is demonstrated
		 for a time-dependent vortex-shedding problem.
		 Introduction},
  annote =	{Mark A. Christon (Computational Physics RD
		 Department); Daniel E. Carroll (Computational Physics
		 RD Department);},
  bibsource =	{OAI-PMH server at cs1.ist.psu.edu},
  language =	{en},
  oai =  	{oai:CiteSeerPSU:414558},
  rights =	{unrestricted},
}

@Misc{Chacon:XX,
  author = 	 {T. {Chac\'on-Rebollo}},
  title = 	 {Numerical Approximation of Hydrodynamic Geophysical Flows},
  howpublished = {IMUS doc-course},
url={http://institucional.us.es/doc-course-imus/PDF/Unit2-Chacon.pdf}}

@Unpublished{Blasco-Armentano,
  author = 	 {M. G. Armentano and J. Blasco},
  title = 	 {Stable and unstable cross-grid {$P_kQ_l$} mixed
                  finite elements for the Stokes problem},
  note = 	 {Unpublished}}

@Article{Verfurth:84,
  author = 	 {R. Verfürth},
  title = 	 {Error estimates for a mixed finite element approximation of the Stokes equations},
  journal = 	 {RAIRO Anal. Numer.},
  year = 	 1984,
  volume = 	 18,
number = 	 2,
pages = 	 {175-182}}

@Article{Zienkewicz:86,
  author = 	 {O.C. Zienkewicz and S. Qu and R. Taylor and S. Nakazawa},
  title = 	 {The patch test for mixed methods},
  journal = 	 {Int. J. Num. Meths. Eng.},
  year = 	 1986,
  volume = 	 23,
  pages = 	 {1873-1883}}

@book{Temam:77,
  title={{N}avier-{S}tokes equations: theory and numerical analysis},
  author={R. Temam},
  year={1977},
  publisher={Amer. Mathematical Society}
}

@Article{Temam:03,
  author = 	 {R. Temam},
  title = 	 {Some Mathematical Aspects of Geophysical Fluid Dynamic Equations},
  journal = 	 {Milan J. Math.},
  year = 	 2003,
  volume = 	 71,
  doi = {10.1007/s00032-003-0019-9},
  pages = 	 {175-198}}


@InCollection{Temam-Ziane:04,
  author = 	 {R. Temam and M. Ziane},
  title = 	 {Some Mathematical Problems in Geophysical Fluid Dynamics},
  booktitle = 	 {Handbook of Mathematical Fluid Dynamics},
  pages = 	 {535-658},
  publisher = {Friedlander and D. Serre Editors, Elsevier},
  year = 	 2004,
  volume = 	 3}

@article{Chen-Temam-Tribbia:08,
 author = {Chen, Qingshan and Temam, Roger and Tribbia, Joseph J.},
 title = {Simulations of the 2.5D inviscid primitive equations in a limited domain},
 journal = {J. Comput. Phys.},
 volume = {227},
 issue = {23},
 month = {December},
 year = {2008},
 issn = {0021-9991},
 pages = {9865--9884},
 numpages = {20},
 url = {http://dl.acm.org/citation.cfm?id=1450340.1450424},
 doi = {10.1016/j.jcp.2008.08.005},
 acmid = {1450424},
 publisher = {Academic Press Professional, Inc.},
 address = {San Diego, CA, USA},
 keywords = {35L50, 65M06, 76B99, 86A05, Boundary conditions, Finite difference methods, Limited domains, Nonviscous primitive equations, Transparent boundary conditions},
}

@book{Brenner-Scott:08,
  title={The Mathematical Theory of Finite Element Methods},
  author={Brenner, S.C. and Scott, L.R.},
  isbn={9780387954516},
  lccn={2002019726},
  url={http://dx.doi.org/10.1007/978-0-387-75934-0},
  year={2008},
  publisher={Springer},
  adress={New York}
}

@BOOK{Brezzi-Fortin:91,
  AUTHOR       = {F. Brezzi and M. Fortin},
  TITLE        = {Mixed and Hybrid Finite Element Methods},
  PUBLISHER    = {Springer-Verlag},
  YEAR         = 1991,
  ADDRESS      = {New-York}
}

@misc{Boffi-Brezzi-Fortin:08,
author="Boffi, Daniele and Brezzi, Franco and Fortin, Michel",
title="{Finite elements for the Stokes problem}",
language="English",
year="2008",
publisher={Springer},
doi={10.1007/978-3-540-78319-0},
}

@Book{Quarteroni-Sacco-Salieri:00,
  author =	 {A. Quarteroni and R. Sacco and F. Saleri},
  title = 	 {Numerical mathematics},
  publisher = 	 {Springer},
  year = 	 {2000},
  address =	 {New York}
}

@book{Ciarlet:89,
 author = {Ciarlet, Philippe G.},
 title = {Introduction to numerical linear algebra and optimisation},
 year = {1989},
 isbn = {0-521-33984-7},
 publisher = {Cambridge University Press},
 address = {New York, NY, USA},
}

@INPROCEEDINGS{Demmel-Heath-Vorst:97,
    author = {James W. Demmel and Michael T. Heath and Henk A. van der Vorst},
    title = {Parallel Numerical Linear Algebra},
    booktitle = {Society for Industrial and Applied Mathematics},
    year = {1997},
    publisher = {SIAM}
}

@Article{Sannino-Bargagli-Artale:02,
  author = 	 {G. Sannino, A. Bargagli, and V. Artale},
  title = 	 {Numerical modeling of the mean exchange through the Strait of Gibraltar},
  journal = 	 {Journal of Geophysical Research},
  year = 	 2002,
  volume = 	 107,
  number = 	 0}

@Misc{Moens-Vanderpitte:XX,
  author = 	 {D. Moens and D. Vandepitte},
  title = 	 {Non-probabilistic approaches for non-deterministic dynamic FE analysis of imprecisely defined structures}}


@Misc{DeGersem-Moens-Desmet-Vandepitte:XX,
  author = 	 {H. De Gersem and D. Moens and W. Desmet and D. Vandepitte},
  title = 	 {Interval and Fuzzy Finite Element Analysis of mechanical
structures with uncertain parameters}}

@book{Pedlosky:1987,
	title = {Geophysical Fluid Dynamics.},
	year = 1987,
	publisher = {Springer-Verlag},
	organization = {Springer-Verlag},
	address = {New York, USA},
	author = {Pedlosky, J.}
}

@book{CushmanRoisin-Beckers:09,
  title = {Introduction to Geophysical Fluid Dynamics - Physical and Numerical Aspects},
  author = {B. {Cushman-Roisin} and J. M. Beckers},
  publisher = {Academic Press},
  year = 2009,
  url = {http://archipelago.uma.pt/pdf_library/Roisin\&Beckers_2005_AP.zip}
}

@misc{FreeFem++,
    author = {Pironneau, O. and Hecht,  F. and Le Hyaric, A. and Morice, J.},
    citeulike-article-id = 7132649,
    keywords = {assignment, freefem},
    posted-at = {2010-05-06 18:03:56},
    priority = 2,
    title = {{FreeFEM++, \url{http://www.freefem.org/}}}}

@BOOK{Ern-Guermond:04,
  AUTHOR = {A. Ern and J.-L. Guermond},
  TITLE = {Theory and Practice of Finite Elements},
  YEAR = 2004,
  PUBLISHER = {Springer},
  ABSTRACT = {an overview of standard and non standard finite element methods from theoritical foundations to implementations.}
}

@InProceedings{MadleKimmritz-Braack:CEDYA2011,
  author = 	 {M. Kimmritz, M. Braack},
  title = 	 {Discretization of the hydrostatic Stokes system by stabilized finite element of equal order},
  year = 	 2011}
  note = {CEDYA 2001}
}

@book{girault-raviart:86,
	year = {1986},
	author = {Girault, V. and Raviart, P.-A.},
	publisher = {Springer-Verlag},
	title = { Finite element methods for {Navier-Stokes} equations}
}

@Article{QinZhang:07,
  author = 	 {J. Quin and S. Zhang},
  title = 	 {Stability and approximability of the {P1-P0} element
                  for {Stokes} equations},
  journal = 	 {International Journal for Numerical Methods in Fluids},
  year = 	 {2007},
  volume = 	 54,
  pages = 	 {497-515}
}

@Misc{Silvester:95,
  author = 	 {David Silvester},
  title = 	 {Stabilised Mixed Finite Element Methods},
  howpublished = {Numerical Analysis Report No. 262},
  year = 	 1995,
  note = 	 {University of Manchester/UMIST}}

@Misc{Scheid,
  author = 	 {J.-F. Scheid},
  title = 	 {Analyse numérique des équations de {Navier-Stokes}}}

@article{Gmsh:09,
  added-at = {2011-02-22T12:29:36.000+0100},
  author = {Geuzaine, C. and Remacle, J.-F.},
  biburl = {http://www.bibsonomy.org/bibtex/2cd9b8cbc87f92553a25d441d517c7bcd/toevanen},
  interhash = {809553a2dcc2cd428ed154265bd9d7bb},
  intrahash = {cd9b8cbc87f92553a25d441d517c7bcd},
  issue = {11},
  journal = {International Journal for Numerical Methods in Engineering},
  keywords = {mesh_generation software},
  pages = {1309 -- 1331},
  timestamp = {2011-02-22T12:29:36.000+0100},
  title = {Gmsh: {A 3-D} finite element mesh generator with built-in pre- and post-processing facilities},
  volume = 79,
  year = 2009
}

@article{LibMesh:06,
 author = {Kirk, B.S. and Peterson, J.W. and Stogner, R.H. and Carey, G.F.},
 title = {libMesh: a C++ library for parallel adaptive mesh refinement/coarsening simulations},
 journal = {Eng. with Comput.},
 volume = {22},
 number = {3},
 month = dec,
 year = {2006},
 issn = {0177-0667},
 pages = {237--254},
 numpages = {18},
 url = {http://dx.doi.org/10.1007/s00366-006-0049-3},
 doi = {10.1007/s00366-006-0049-3},
 acmid = {1230693},
 publisher = {Springer-Verlag},
 address = {London, UK, UK},
 keywords = {Adaptive mesh refinement, Finite elements, Parallel computing},
}

@book{FEniCS:LoggMardalEtAl2012a,
  title = {Automated Solution of Differential Equations by the Finite Element Method},
  author = {Anders Logg and Kent-Andre Mardal and Garth N. Wells and others},
  year = {2012},
  publisher = {Springer},
  doi = {10.1007/978-3-642-23099-8},
  isbn = {978-3-642-23098-1},
}


@article{1968-Chorin-p745,
  added-at = {2011-04-19T14:10:58.000+0200},
  author = {Chorin, A.J.},
  biburl = {http://www.bibsonomy.org/bibtex/280122b35df5c3cefede04ed4b70b92e3/zhihua},
  file = {1968-Chorin-p745.pdf:CutCell/1968-Chorin-p745.pdf:PDF},
  interhash = {c7ba250237a33592a4be81446b94536c},
  intrahash = {80122b35df5c3cefede04ed4b70b92e3},
  journal = {Math. Comp.},
  keywords = {imported},
  owner = {zhihua},
  pages = {745-762},
  timestamp = {2011-04-19T14:10:58.000+0200},
  title = {{N}umerical solution of the {N}avier-{S}tokes {E}quations},
  volume = 22,
  year = 1968
}

@article{1969-Temam-pas-fractionaires,
year={1969},
issn={0003-9527},
journal={Archive for Rational Mechanics and Analysis},
volume={33},
issue={5},
doi={10.1007/BF00247696},
title={Sur l'approximation de la solution des {\'e}quations de {N}avier-{S}tokes par la m{\'e}thode des pas fractionnaires (II)},
url={http://dx.doi.org/10.1007/BF00247696},
publisher={Springer-Verlag},
author={Temam, R.},
pages={377-385},
language={French}
}

@article{Chacon-Gomez-Sanchez:2013,
  author    = {T. {Chac{\'o}n-Rebollo} and
               M. {G{\'o}mez-M{\'a}rmol} and
               I. {S{\'a}nchez-Mu{\~n}oz}},
  title     = {A Bochev-Dohrmann-Gunzburger stabilization method for the
               primitive equations of the ocean},
  journal   = {Appl. Math. Lett.},
  volume    = {26},
  number    = {4},
  year      = {2013},
  pages     = {413-417},
  ee        = {http://dx.doi.org/10.1016/j.aml.2012.10.015},
  bibsource = {DBLP, http://dblp.uni-trier.de}
}
@article{Chacon-Gomez-Sanchez:2012,
  author    = {T. {Chac{\'o}n-Rebollo} and
               M. {G{\'o}mez-M{\'a}rmol} and
               I. {S{\'a}nchez-Mu{\~n}oz}},
  title     = {Numerical solution of the Primitive Equations of the
                  ocean by the Orthogonal Sub-Scales VMS method},
  journal   = {Applied Numerical Mathematics},
  volume    = {62},
  year      = {2012},
  pages     = {342–359},
}

@article{Guillen-RodriguezGomez,
author = {F. {Guill{\'e}n-Gonz{\'a}lez} and D. {Rodr{\'{\i}}guez-G{\'o}mez}},
title = {{Bubble finite elements for the primitive equations of the ocean}},
journal = {Numerische Mathematik},
volume = {101},
year = {2005},
pages = {689--728},
issue = {4},
doi = {10.1007/s00211-005-0626-1},
masid = {16019962}
}

@article{Chacon-RodriguezGomez:04,
 author = {T. {Chac\'{o}n-Rebollo} and D. {Rodr\'{\i}guez-G\'{o}mez}},
 title = {A Stabilized Space-Time Discretization for the Primitive Equations in Oceanography},
 journal = {Numer. Math.},
 volume = {98},
 number = {3},
 year = {2004},
 pages = {427--475}
}

@article{Chacon-RodriguezGomez:05,
 author = {T. {Chac\'{o}n-Rebollo} and D. {Rodr\'{\i}guez-G\'{o}mez}},
 title = {A numerical solver for the primitive equations of the ocean using term-by-term stabilization},
 journal = {Appl. Numer. Math.},
 volume = {55},
 number = {1},
 year = {2005},
 issn = {0168-9274},
 pages = {1--31},
 numpages = {31},
 url = {http://dx.doi.org/10.1016/j.apnum.2004.08.007},
 doi = {10.1016/j.apnum.2004.08.007},
 acmid = {1642796},
 publisher = {Elsevier Science Publishers B. V.},
 address = {Amsterdam, The Netherlands, The Netherlands},
 keywords = {Mixed finite elements, Oceanography, Primitive equations, Stabilized finite elements},
}

@article{Ortegon:HydrostaticApprox:04,
author = {{Orteg\'on Gallego}, F.},
title = {Regularization by Monotone Perturbations of the Hydrostatic
                  Approximation of {Navier-Stokes} Equations},
journal = {Math. Models Methods Appl. Sci.},
volume = {14},
number = {12},
pages = {1819-1848},
year = {2004},
doi = {10.1142/S0218202504003830},
URL = {http://www.worldscientific.com/doi/abs/10.1142/S0218202504003830},
eprint = {http://www.worldscientific.com/doi/pdf/10.1142/S0218202504003830}
}

@article{Kimmritz-Braack:12,
  author    = {M. Kimmritz and
               M. Braack},
  title     = {Equal-order Finite Elements for the Hydrostatic Stokes Problem},
  journal   = {Comput. Meth. in Appl. Math.},
  volume    = {12},
  number    = {3},
  year      = {2012},
  pages     = {306-329},
  ee        = {http://www.degruyter.com/view/j/cmam.2012.12.issue-3/cmam-2012-0010/cmam-2012-0010.xml},
  bibsource = {DBLP, http://dblp.uni-trier.de}
}

@PhdThesis{Kimmritz:PhD:13,
  author = 	 {M. Kimmritz},
  title = 	 {Equal-order Finite Elements of Hydrostatic Flow Problems},
  school = 	 {Kiel},
  year = 	 2013}

@Unpublished{Kimmritz:12,
  author = 	 {M. Kimmritz},
  title = 	 {Symmetric Stabilization of Equal-Order Finite Element Dis-
cretized Hydrostatic Flow Problems},
  year = 2012,
  note = 	 {Unpublished}}

@PhdThesis{Dorado:PhD:09,
  author = 	 {E. Dorado},
  title = 	 {Estudio de las Soluciones Num\'ericas de Largo Plazo de los Modelos de las Ecuaciones Primitivas de la Circulaci\'on General del Oc\'eano},
  school = 	 {Universidad Complutense de Madrid},
  year = 	 2009}

 R. Bermejo Bermejo, Velocity error estimates for a semi-Lagrangian ocean general
circulation model, Proceedings of the II Conference on the Analysis of Variables and
Numerical Simulation of Water Exchange in the Strait of Gibraltar (Spanish) (Cadiz,
2000), Serv. Publ. Univ. C ́
 adiz, C ́
 adiz, 2001, pp. 19–34.

@InProceedings{Bermejo:Cadiz:01,
  booktitle = 	 {II Conference on the Analysis of Variables and Numerical Simulation of Water Exchange in the Strait of Gibraltar},
  author = 	 {R. {Bermejo Bermejo}},
  title = 	 {Velocity error estimates for a semi-Lagrangian ocean general circulation model},
  year = 	 2001},
  organization = {Univ. C\'adiz},
}

@book{allaire:2007,
	address = {Oxford},
	title = {Numerical Analysis and Optimization},
	isbn = {978-0-19-152552-0 0-19-152552-9},
	publisher = {Oxford University Press},
	author = {Allaire, Grégoire},
	year = {2007}
}

@book{brezis:2017,
	address = {New York, NY},
	title = {Functional {Analysis}, {Sobolev} {Spaces} and {Partial} {Differential} {Equations}},
	isbn = {978-0-387-70913-0 978-0-387-70914-7},
	language = {en},
	urldate = {2014-05-31},
	publisher = {Springer New York},
	author = {Brezis, Haim},
	year = {2010},
	keywords = {Functional analysis, Sobolev spaces},
}

@article{fguillen-rrgalvan-paper3-SIAM:2015,
	title = {Stabilized {Schemes} for the {Hydrostatic} {Stokes} {Equations}},
	volume = {53},
	issn = {0036-1429, 1095-7170},
	url = {http://epubs.siam.org/doi/10.1137/140998640},
	doi = {10.1137/140998640},
	language = {en},
	number = {4},
	urldate = {2015-11-04},
	journal = {SIAM Journal on Numerical Analysis},
	author = {Guillén González, F. and Rodríguez Galván, J. R.},
	month = jan,
	year = {2015},
	pages = {1876--1896},
	file = {Guillén González y Rodríguez Galván - 2015 - Stabilized Schemes for the Hydrostatic Stokes Equa.pdf:/home/cucharro/.mozilla/firefox/hx2epi5c.default/zotero/storage/QS2W28FR/Guillén González y Rodríguez Galván - 2015 - Stabilized Schemes for the Hydrostatic Stokes Equa.pdf:application/pdf}
}

@article{fguillen-rrgalvan-paper2-NumMath:2015,
	title = {Analysis of the hydrostatic {Stokes} problem and finite-element approximation in unstructured meshes},
	volume = {130},
	issn = {0029-599X, 0945-3245},
	url = {http://link.springer.com/10.1007/s00211-014-0663-8},
	doi = {10.1007/s00211-014-0663-8},
	language = {en},
	number = {2},
	urldate = {2015-07-06},
	journal = {Numerische Mathematik},
	author = {Guillén-González, F. and Rodríguez-Galván, J. R.},
	month = jun,
	year = {2015},
	pages = {225--256},
	file = {Guillén-González y Rodríguez-Galván - 2015 - Analysis of the hydrostatic Stokes problem and fin.pdf:/home/cucharro/.mozilla/firefox/hx2epi5c.default/zotero/storage/7B5J66UR/Guillén-González y Rodríguez-Galván - 2015 - Analysis of the hydrostatic Stokes problem and fin.pdf:application/pdf}
}

@article{fguillen-rrgalvan-paper1-ApNumMath:2016,
	title = {On the stability of approximations for the {Stokes} problem using different finite element spaces for each component of the velocity},
	volume = {99},
	issn = {01689274},
	url = {http://linkinghub.elsevier.com/retrieve/pii/S0168927415001099},
	doi = {10.1016/j.apnum.2015.07.002},
	language = {en},
	urldate = {2016-01-28},
	journal = {Applied Numerical Mathematics},
	author = {Guillén-González, F. and Rodríguez Galván, J.R.},
	month = jan,
	year = {2016},
	pages = {51--76},
	file = {Guillén-González y Rodríguez Galván - 2016 - On the stability of approximations for the Stokes .pdf:/home/cucharro/.mozilla/firefox/hx2epi5c.default/zotero/storage/82QDDVRF/Guillén-González y Rodríguez Galván - 2016 - On the stability of approximations for the Stokes .pdf:application/pdf}
}

@article{arnold_interior_1982,
	title = {An {Interior} {Penalty} {Finite} {Element} {Method} with {Discontinuous} {Elements}},
	volume = {19},
	issn = {0036-1429, 1095-7170},
	language = {en},
	number = {4},
	urldate = {2014-07-29},
	journal = {SIAM Journal on Numerical Analysis},
	author = {Arnold, Douglas N.},
	month = aug,
	year = {1982},
	keywords = {Discontinuous Galerkin, Interior Penalty},
	pages = {742--760}
}

@book{di_pietro_ern_2012,
	address = {Berlin; New York},
	title = {Mathematical {Aspects} of {Discontinuous} {Galerkin} {Methods}},
	isbn = {978-3-642-22980-0 3-642-22980-8},
	language = {English},
	urldate = {2014-06-05},
	publisher = {Springer},
	author = {Di Pietro, Daniele Antonio and Ern, Alexandre},
	year = {2012}
}

@Unpublished{Guillen-RedondoNeble-RGalvan:17,
  author = {F. {Guill\'en-Gonz\'alez} and {M. Victoria {Redondo Neble}} and J.R. {Rodr\'{\i}guez\mbox-Galv\'an}},
  year = 2017,
  title = 	 {Stable SIP Discontinuous Galerkin Approximations of the Hydrostatic Stokes Equations},
  note = 	 {Submitted to Finite Elements in Analysis \&
                  Design. Perprint at
                  \url{http://arxiv.org/abs/1706.03496}}
}
